    @BOOK{Smith:2012qr,
    	title = {{B}ook {T}itle},
    	publisher = {Publisher},
    	author = {Smith, J.~M. and Jones, A.~B.},
    	year = {2012},
    	edition = {7th},
    }
    
    @ARTICLE{Smith:2013jd,
    	author = {Jones, A.~B. and Smith, J.~M.},
    	title = {{A}rticle {T}itle},
    	journal = {Journal title},
    	year = {2013},
    	volume = {13},
    	pages = {123-456},
    	number = {52},
    	month = {March},
    	publisher = {Publisher}
    }
    
    @BOOK{Other:2014ab,
    	title = {{B}ook {T}itle},
    	publisher = {Publisher},
    	author = {Other, A.~N.},
    	year = {2014},
    	edition = {10th},
    }
    
    @BOOK{Other:2019RGF,
    	title = {{R}esearch {G}overnance {F}ramework},
    	publisher = {Research Governance Framework Publisher},
    	author = {Other, A.~N.},
    	year = {2019},
    	edition = {10th},
    }
    
    @book{Dawson:2009:PCI:1611433,
     author = {Dawson, Christian W.},
     title = {Projects in Computing and Information Systems: A Student's Guide},
     year = {2009},
    % isbn = {0273721313, 9780273721314}, parsing error
     isbn = {978-0-273-72131-4},
     edition = {2nd},
     publisher = {Pearson Prentice Hall},
    } 